@book{ciga_monitoreo,
  title     = {Manual para la implementación de programas de monitoreo},
  author    = {Centro de Investigaciones en Geografía Ambiental (CIGA-UNAM)},
  year      = {2014},
  publisher = {Universidad Nacional Autónoma de México},
  url       = {https://publicaciones.ciga.unam.mx/index.php/ec/catalog/book/68}
}

@book{csic_ciencia_ciudadana,
  title     = {Guía breve sobre Ciencia Ciudadana},
  author    = {Consejo Superior de Investigaciones Científicas (CSIC)},
  year      = {2022},
  publisher = {CSIC},
  url       = {https://www.csic.es/sites/default/files/2023-06/guia_ciencia_ciudadana_csic_2022.pdf}
}

@book{flutter_multiplataforma,
  title     = {Flutter: Desarrolle sus aplicaciones móviles multiplataforma con Dart},
  author    = {Sébastien Stormacq},
  year      = {2020},
  publisher = {ENI Editions},
  isbn      = {9782409032571},
  url       = {https://www.amazon.com/-/es/Flutter-Desarrolle-aplicaciones-m%C3%B3viles-multiplataforma/dp/2409032575}
}

@book{semarnat_pluviometro,
  title     = {Manual teórico práctico del observador meteorológico de superficie},
  author    = {Secretaría de Medio Ambiente y Recursos Naturales (SEMARNAT)},
  year      = {2011},
  publisher = {Gobierno de México},
  url       = {https://biblioteca.semarnat.gob.mx/janium/Documentos/Ciga/Libros2011/CD001679.pdf}
}



@misc{inegi_texcoco,
  author       = {Instituto Nacional de Estadística y Geografía (INEGI)},
  title        = {Texcoco, México},
  year         = {2009},
  howpublished = {Prontuario de información geográfica municipal de los Estados Unidos Mexicanos},
  note         = {Archivado desde el original el 28 de mayo de 2016. Consultado el 16 de octubre de 2016. Se observa que el Tláloc está incorrectamente citado como "Cerro El Mirador", el cual es un pico secundario del macizo del Tláloc.},
  url          = {https://www.inegi.org.mx/app/areasgeograficas/?ag=15092}
}



@misc{se2013,
  author       = {{Secretaría de Economía (SE)}},
  title        = {Norma Mexicana NMX-AA-166/1-SCFI-2013. Estaciones meteorológicas, climatológicas e hidrológicas. Parte 1: especificaciones técnicas que deben cumplir los materiales e instrumentos de medición de las estaciones meteorológicas automáticas y convencionales},
  year         = {2013},
  howpublished = {Secretaría de Economía, México},
  url          = {https://www.gob.mx/cms/uploads/attachment/file/166835/nmx-aa-166-1-scfi-2013_1_.pdf},
  note         = {Consultado en abril de 2025}
}


@online{firebase,
  author = {Google Inc.},
  year = {2024},
  title = {Firebase},
  url = {https://firebase.google.com/},
  note = {Consultado en abril de 2025}
}

@online{backend,
  author = {IBM Cloud Education},
  year = {2020},
  title = {What is Backend?},
  url = {https://www.ibm.com/cloud/learn/backend},
  note = {Consultado en abril de 2025}
}

@online{frontend,
  author = {Mozilla Developer Network (MDN)},
  year = {2023},
  title = {Front-end web developer},
  url = {https://developer.mozilla.org/en-US/docs/Learn/Front-end_web_developer},
  note = {Consultado en abril de 2025}
}

@online{googleplayconsole,
  author = {Google Inc.},
  year = {2024},
  title = {Google Play Console},
  url = {https://play.google.com/console/about/},
  note = {Consultado en abril de 2025}
}

@online{dart,
  author = {Google Inc.},
  year = {2024},
  title = {Dart Programming Language},
  url = {https://dart.dev/},
  note = {Consultado en abril de 2025}
}

@online{firebaserealtime,
  author = {Google Inc.},
  year = {2024},
  title = {Firebase Realtime Database},
  url = {https://firebase.google.com/products/realtime-database},
  note = {Consultado en abril de 2025}
}


@book{breña2013,
  author    = {Bre{\~n}a, A.},
  title     = {Principios y fundamentos de hidrolog{\'i}a superficial},
  edition   = {1.{\textordfeminine}},
  year      = {2013},
  publisher = {Universidad Aut{\'o}noma Metropolitana},
  url       = {https://casadelibrosabiertos.uam.mx/gpd-principios-y-fundamentos-de-hidrologia-superficial.html}
}

@article{hubp1990,
  author  = {Hubp, J. L.},
  title   = {El relieve de la Rep{\'u}blica Mexicana},
  journal = {Revista Mexicana de Ciencias Geol{\'o}gicas},
  year    = {1990},
  volume  = {9},
  number  = {1},
  pages   = {82}
}

@book{aparicio1992,
  author    = {Aparicio Mijares, F. J.},
  title     = {Fundamentos de hidrología de superficie},
  year      = {1992},
  publisher = {Limusa},
  address   = {México, D.F.}
}
 

@article{gonzalez2016,
  author    = {González, P. and Neilson, R. P. and Lenihan, J. M.},
  title     = {Global patterns in biodiversity and climate change},
  journal   = {Nature},
  volume    = {402},
  number    = {6761},
  pages     = {335--338},
  year      = {2016}
}
 
 

@misc{garcia2023,
  author    = {García, L. G. and Martínez, A. H.},
  title     = {Estructura poblacional y rasgos demográficos de \textit{Abies religiosa} (Kunth Schltdl. \& Cham.) en el Monte Tláloc, Parque Nacional Iztaccíhuatl-Popocatépetl, México},
  year      = {2023},
  howpublished = {\url{https://www.researchgate.net/publication/373015641}}
}


@misc{inifap2021,
  author    = {Instituto Nacional de Investigación},
  title     = {El quehacer científico en el Monte Tláloc, Texcoco, Estado de México - Simposio},
  year      = {2021},
  howpublished = {\url{https://www.researchgate.net/publication/356288963}}
}


















@article{illingworth2021ukprecipitation,
  author    = {Samuel Michael Illingworth and coauthors},
  title     = {Red de ciudadanos sobre precipitaciones del Reino Unido: un estudio piloto},
  journal   = {Royal Meteorological Society},
  year      = {2021},
  note      = {Información adicional no disponible en los resultados de búsqueda.}
}

@article{lute2021enhancing,
  author    = {A. C. Lute and C. A. Mahoney and A. J. Newman and M. A. Livneh and D. W. Clow and M. A. Raleigh},
  title     = {Enhancing Engagement of Citizen Scientists to Monitor Precipitation Phase},
  journal   = {Frontiers in Earth Science},
  volume    = {9},
  pages     = {617594},
  year      = {2021},
  doi       = {10.3389/feart.2021.617594},
  url       = {https://www.frontiersin.org/articles/10.3389/feart.2021.617594/full}
}

@article{tedla2022evaluation,
  author    = {Hailay Zeray Tedla and Alemseged Tamiru Haile and David W. Walker and Wondimagegn Gebreyesus and Tena Alamirew and Mulugeta Dadi},
  title     = {Evaluation of Factors Affecting the Quality of Citizen Science Rainfall Data in Akaki Catchment, Addis Ababa, Ethiopia},
  journal   = {Journal of Hydrology},
  volume    = {612},
  pages     = {128284},
  year      = {2022},
  doi       = {10.1016/j.jhydrol.2022.128284},
  url       = {https://www.sciencedirect.com/science/article/abs/pii/S0022169422008563}
}

@article{elgar2021coastal,
  author    = {Steve Elgar and Britt Raubenheimer and Patrick J. Dickhudt and James E. McNinch and Nicholas G. Plant and John H. List},
  title     = {Coastal Flooding Generated by Ocean Wave- and Surge-Driven Groundwater Fluctuations on a Sandy Barrier Island},
  journal   = {Journal of Hydrology},
  volume    = {603},
  pages     = {126920},
  year      = {2021},
  doi       = {10.1016/j.jhydrol.2021.126920},
  url       = {https://www.sciencedirect.com/science/article/abs/pii/S0022169421009707}
}

@article{mcginn2021using,
  author    = {David McGinn and coauthors},
  title     = {Using Citizen Science to Understand River Water Quality While Filling Data Gaps to Meet United Nations Sustainable Development Goal 6 Objectives},
  journal   = {Science of The Total Environment},
  volume    = {786},
  pages     = {147466},
  year      = {2021},
  doi       = {10.1016/j.scitotenv.2021.147466},
  url       = {https://www.sciencedirect.com/science/article/pii/S0048969721020234}
}

@inproceedings{dennis2019groundwater,
  author    = {R. Dennis},
  title     = {Groundwater Mobile App Development to Engage Citizen Science},
  booktitle = {WIT Transactions on Ecology and the Environment},
  volume    = {239},
  pages     = {103--113},
  year      = {2019},
  doi       = {10.2495/WS190101},
  url       = {https://www.witpress.com/elibrary/wit-transactions-on-ecology-and-the-environment/239/37466}
}

@misc{coolr2021,
  author    = {NASA Goddard Space Flight Center},
  title     = {Cooperative Open Online Landslide Repository (COOLR)},
  year      = {2021},
  url       = {https://gpm.nasa.gov/landslides/about.html}
}

@article{van2017senseit,
  author    = {Wouter van Joolingen and Ton de Jong and Jan-Willem Strijbos and Jan-Willem Strijbos},
  title     = {The Sense-it App: A Smartphone Sensor Toolkit for Citizen Inquiry Learning},
  journal   = {International Journal of Science Education},
  volume    = {39},
  number    = {17},
  pages     = {2349--2369},
  year      = {2017},
  doi       = {10.1080/09500693.2017.1382522},
  url       = {https://www.researchgate.net/publication/314829291_The_Sense-it_App_A_Smartphone_Sensor_Toolkit_for_Citizen_Inquiry_Learning}
}

@misc{hill2021raintracker,
  author    = {Callum Hill},
  title     = {Rain Tracker},
  year      = {2021},
  note      = {Aplicación disponible en Google Play Store},
  url       = {https://play.google.com/store/apps/details?id=ccahill.com.au.raintracker}
}
