%% Sample bibliography file for mitthesis.cls
%%
%% Revised: 12 September 2023
%% Copyright John H. Lienhard, MIT
%% Offered under the MIT license: https://ctan.org/license/mit 

%% REFER TO biblatex documentation for details about possible fields
%% bibtex support depends on the bibtex style (.bst) and is usually more limited

@article{majda2002vorticity,
  title={Vorticity and incompressible flow. Cambridge texts in applied mathematics},
  author={Majda, Andrew J and Bertozzi, Andrea L and Ogawa, A},
  journal={Appl. Mech. Rev.},
  volume={55},
  number={4},
  pages={B77--B78},
  year={2002}
}
@article{caffarelli1982partial,
  title={Partial regularity of suitable weak solutions of the Navier-Stokes equations},
  author={Caffarelli, Luis and Kohn, Robert and Nirenberg, Louis},
  journal={Communications on pure and applied mathematics},
  volume={35},
  number={6},
  pages={771--831},
  year={1982},
  publisher={Wiley Online Library}
}
@article{ladyzhenskaya1969mathematical,
  title={The mathematical theory of viscous incompressible flow},
  author={Ladyzhenskaya, Olga Aleksandrovna},
  journal={Gordon \& Breach},
  year={1969}
}
@article{leray1934mouvement,
  title={Sur le mouvement d'un liquide visqueux emplissant l'espace},
  author={Leray, Jean},
  journal={Acta mathematica},
  volume={63},
  pages={193--248},
  year={1934},
  publisher={Springer}
}
@article{lin1998new,
  title={A new proof of the Caffarelli-Kohn-Nirenberg theorem},
  author={Lin, Fanghua},
  journal={Communications on Pure and Applied Mathematics: A Journal Issued by the Courant Institute of Mathematical Sciences},
  volume={51},
  number={3},
  pages={241--257},
  year={1998},
  publisher={Wiley Online Library}
}
@inproceedings{scheffer2006turbulence,
  title={Turbulence and Hausdorff dimension},
  author={Scheffer, Vladimir},
  booktitle={Turbulence and Navier Stokes Equations: Proceedings of the Conference Held at the University of Paris-Sud Orsay June 10--13 1975},
  pages={174--183},
  year={2006},
  organization={Springer}
}
@article{scheffer1993inviscid,
  title={An inviscid flow with compact support in space-time.},
  author={Scheffer, Vladimir},
  journal={Journal of geometric analysis},
  volume={3},
  number={4},
  year={1993}
}
@article{shnirelman1997nonuniqueness,
  title={On the nonuniqueness of weak solution of the Euler equation},
  author={Shnirelman, Alexander},
  journal={Communications on Pure and Applied Mathematics: A Journal Issued by the Courant Institute of Mathematical Sciences},
  volume={50},
  number={12},
  pages={1261--1286},
  year={1997},
  publisher={Wiley Online Library}
}