Automatically generated by Mendeley Desktop 1.19.4
Any changes to this file will be lost if it is regenerated by Mendeley.

BibTeX export options can be customized via Options -> BibTeX in Mendeley Desktop

@misc{FAO2024,
abstract = {Los sistemas agroalimentarios se enfrentan a desaf{\'{i}}os sin precedentes. Los conflictos, los efectos de los fen{\'{o}}menos meteorol{\'{o}}gicos y clim{\'{a}}ticos extremos, las crisis econ{\'{o}}micas y la creciente desigualdad ejercen una presi{\'{o}}n cada vez mayor sobre la tierra que cultivamos, el agua de la que dependemos y la biodiversidad que sustenta la vida. Las cadenas de suministro siguen siendo fr{\'{a}}giles, y los efectos de la disrupci{\'{o}}n ya se est{\'{a}}n haciendo sentir en hogares, mercados y campos de todo el mundo.},
author = {{Organizaci{\'{o}}n de las Naciones Unidas para la Alimentaci{\'{o}}n y la Agricultura (FAO)}},
booktitle = {ONU},
keywords = {world food day},
mendeley-tags = {world food day},
pages = {1},
title = {{Mano de la mano por unos alimentos y un futuro mejores}},
url = {https://www.fao.org/world-food-day/about/es},
urldate = {2025-06-11},
year = {2024}
}
@book{ChaparroAfricano2020,
abstract = {Los indicadores de sostenibilidad m{\'{a}}s deficientes en la Red de Mercados Agroecol{\'{o}}gicos de Bogot{\'{a}}, Regi{\'{o}}n, para 2016 y 2017, fueron el n{\'{u}}mero de consumidores y las ventas. Por lo anterior, esta investigaci{\'{o}}n busc{\'{o}} caracterizar los consumidores y el consumo en la RMABR, para, luego, generar estrategias asertivas de comunicaci{\'{o}}n, educaci{\'{o}}n y de mercadeo. Se realiz{\'{o}} una investigaci{\'{o}}n descriptiva, de enfoque mixto, para la cual se aplic{\'{o}} una encuesta con veinte seis preguntas a trav{\'{e}}s de un formulario de Google, entre el 16 de abril y el 17 de mayo de 2018. La muestra total fue de 149 consumidores (80 {\%} confiabilidad, 5 {\%} de error). El an{\'{a}}lisis de los resultados se efectu{\'{o}} mediante estad{\'{i}}stica descriptiva y comparaci{\'{o}}n con otros estudios. La principal motivaci{\'{o}}n de compra identificada es la salud, mientras la de no compra es el precio, aunque hay una disposici{\'{o}}n a pagar sobreprecio del 10 {\%}. Los productos favoritos son cereales, frutas y verduras, las frecuencias preferidas de compra son semanal y quincenal, directamente a productores y en ferias, con un rango mayoritario de menos de 100 mil a 300 mil pesos. Estos estudios no son comunes en agroecolog{\'{i}}a, se identificaron 16 estudios similares para productos ecol{\'{o}}gicos, pero uno solo para agroecol{\'{o}}gicos.},
annote = {Los mercados agroecol{\'{o}}gicos son organizaciones formales},
author = {{Chaparro Africano}, Adriana Mar{\'{i}}a and {Franco Chocue}, Luz Magaly},
booktitle = {Cooperativismo {\&} Desarrollo},
doi = {10.16925/https://doi.org/10.16925/2382-4220.2020.02.04},
file = {::},
isbn = {0000000191},
issn = {0120-7180},
number = {117},
pages = {36},
title = {{Consumidores y consumo de productos agroecol{\'{o}}gicos en los Integrantes de la Red de Mercados Agroecol{\'{o}}gicos de Bogot{\'{a}}, Regi{\'{o}}n â€“ RMABR}},
volume = {28},
year = {2020}
}
@misc{ONU2025,
abstract = {Los sistemas agroalimentarios se enfrentan a desaf{\'{i}}os sin precedentes. Los conflictos, los efectos de los fen{\'{o}}menos meteorol{\'{o}}gicos y clim{\'{a}}ticos extremos, las crisis econ{\'{o}}micas y la creciente desigualdad ejercen una presi{\'{o}}n cada vez mayor sobre la tierra que cultivamos, el agua de la que dependemos y la biodiversidad que sustenta la vida. Las cadenas de suministro siguen siendo fr{\'{a}}giles, y los efectos de la disrupci{\'{o}}n ya se est{\'{a}}n haciendo sentir en hogares, mercados y campos de todo el mundo.},
author = {ONU},
title = {{Mano de la mano por unos alimentos y un futuro mejores}},
url = {https://www.fao.org/world-food-day/about/es},
year = {2025}
}
